<record><leader>00000cas a22000007a 4500</leader><controlfield tag="001">17165840</controlfield><controlfield tag="008">871203d186718uuohuwr ne      0    0eng d</controlfield><datafield ind1=" " ind2=" " tag="010"><subfield code="a">sn 87075241 </subfield></datafield><datafield ind1=" " ind2=" " tag="040"><subfield code="a">ONP</subfield><subfield code="b">eng</subfield><subfield code="c">ONP</subfield><subfield code="d">OCLCQ</subfield></datafield><datafield ind1=" " ind2=" " tag="042"><subfield code="a">msc</subfield></datafield><datafield ind1="0" ind2="0" tag="245"><subfield code="a">Clarington enterprise and Monroe County advertiser.</subfield></datafield><datafield ind1=" " ind2=" " tag="260"><subfield code="a">Clarington [Ohio] :</subfield><subfield code="b">A.A. Porter &amp; Co.</subfield></datafield><datafield ind1=" " ind2=" " tag="310"><subfield code="a">Weekly</subfield></datafield><datafield ind1="1" ind2=" " tag="362"><subfield code="a">Began with July 6, 1867 issue.</subfield></datafield><datafield ind1=" " ind2=" " tag="588"><subfield code="a">Description based on: Vol. 1, no. 4 (July 27, 1867).</subfield></datafield><datafield ind1=" " ind2=" " tag="752"><subfield code="a">United States</subfield><subfield code="b">Ohio</subfield><subfield code="c">Monroe</subfield><subfield code="d">Clarington.</subfield></datafield></record>